<?xml version="1.0" encoding="UTF-8"?><collection xmlns="http://www.loc.gov/MARC21/slim"><record><leader>00479nam--2200193-i-4500</leader><controlfield tag="001">000037183</controlfield><controlfield tag="002">20161230</controlfield><controlfield tag="005">20161230201041</controlfield><controlfield tag="008">060222s1000------------r-----000-0-rus-d</controlfield><datafield ind1=" " ind2=" " tag="040"><subfield code="a">IFIN-HH</subfield></datafield><datafield ind1=" " ind2=" " tag="041"><subfield code="a">rus</subfield></datafield><datafield ind1=" " ind2=" " tag="080"><subfield code="a">53(038)</subfield></datafield><datafield ind1="1" ind2=" " tag="100"><subfield code="a">Kuchling, Horst</subfield></datafield><datafield ind1="1" ind2="0" tag="245"><subfield code="a">Spravocenik po fizike</subfield><subfield code="c">Horst kuchling</subfield></datafield><datafield ind1=" " ind2=" " tag="260"><subfield code="a">Moskva</subfield><subfield code="b">Mir</subfield><subfield code="c">1982</subfield></datafield><datafield ind1=" " ind2=" " tag="300"><subfield code="a">519P</subfield></datafield><datafield ind1=" " ind2=" " tag="500"><subfield code="a">Titlul Original Ib Limba Germana: Physik</subfield></datafield><datafield ind1=" " ind2=" " tag="852"><subfield code="a">70819</subfield><subfield code="c">53</subfield></datafield><datafield ind1=" " ind2=" " tag="CAT"><subfield code="a">Sys</subfield><subfield code="c">20150806</subfield><subfield code="h">131959</subfield></datafield></record></collection>